<record><leader>00000cas a2200000 a 4500</leader><controlfield tag="001">27376932</controlfield><controlfield tag="008">930205c19419999cauwn ne      0   a0rus c</controlfield><datafield ind1=" " ind2=" " tag="010"><subfield code="a">sn 93062846 </subfield></datafield><datafield ind1=" " ind2=" " tag="040"><subfield code="a">YOX</subfield><subfield code="b">eng</subfield><subfield code="c">YOX</subfield><subfield code="d">CNK</subfield><subfield code="d">NVF</subfield><subfield code="d">NSD</subfield><subfield code="d">DLC</subfield><subfield code="d">OCLCQ</subfield><subfield code="d">OCLCF</subfield><subfield code="d">CRL</subfield></datafield><datafield ind1=" " ind2=" " tag="012"><subfield code="m">1</subfield></datafield><datafield ind1="0" ind2=" " tag="022"><subfield code="a">1531-0841</subfield><subfield code="2">1</subfield></datafield><datafield ind1=" " ind2=" " tag="032"><subfield code="a">473620</subfield><subfield code="b">USPS</subfield></datafield><datafield ind1=" " ind2=" " tag="037"><subfield code="b">Russian Center of San Francisco, 2460 Sutter St., San Franciscio, CA 94115-3079</subfield></datafield><datafield ind1="0" ind2=" " tag="041"><subfield code="a">rus</subfield><subfield code="a">eng</subfield></datafield><datafield ind1=" " ind2=" " tag="042"><subfield code="a">pcc</subfield><subfield code="a">nsdp</subfield></datafield><datafield ind1=" " ind2=" " tag="043"><subfield code="a">n-us---</subfield><subfield code="a">n-us-ca</subfield></datafield><datafield ind1="0" ind2="0" tag="050"><subfield code="a">Newspaper</subfield></datafield><datafield ind1="1" ind2="0" tag="082"><subfield code="a">947</subfield><subfield code="2">13</subfield></datafield><datafield ind1="0" ind2=" " tag="130"><subfield code="a">Russkai&#65056;a&#65057; zhizn&#697; (San Francisco, Calif. : 1941)</subfield></datafield><datafield ind1="0" ind2=" " tag="210"><subfield code="a">Russkai&#65056;a&#65057; zhizn&#697;</subfield><subfield code="b">(San Franc. Calif. 1941)</subfield></datafield><datafield ind1=" " ind2="0" tag="222"><subfield code="a">Russkai&#65056;a&#65057; zhizn&#697;</subfield><subfield code="b">(San Francisco, Calif. 1941)</subfield></datafield><datafield ind1="1" ind2="0" tag="245"><subfield code="a">Russkai&#65056;a&#65057; zhizn&#697; =</subfield><subfield code="b">Russian life.</subfield></datafield><datafield ind1="3" ind2="1" tag="246"><subfield code="a">Russian life</subfield></datafield><datafield ind1="1" ind2="3" tag="246"><subfield code="a">Russian life daily</subfield><subfield code="f">Feb. 11, 1983-</subfield></datafield><datafield ind1=" " ind2=" " tag="260"><subfield code="a">San Francisco, Calif. :</subfield><subfield code="b">Russian Center of San Francisco, Inc.</subfield></datafield><datafield ind1=" " ind2=" " tag="300"><subfield code="a">v.</subfield></datafield><datafield ind1=" " ind2=" " tag="310"><subfield code="a">Weekly (except none published in July),</subfield><subfield code="b">&lt;2008-&gt;</subfield></datafield><datafield ind1=" " ind2=" " tag="321"><subfield code="a">Daily (except Sunday and Monday),</subfield><subfield code="b">1941-</subfield></datafield><datafield ind1="1" ind2=" " tag="362"><subfield code="a">Began in 1941.</subfield></datafield><datafield ind1=" " ind2=" " tag="515"><subfield code="a">Suspended with July 5, 1980 issue; resumed with July 29, 1980 issue.</subfield></datafield><datafield ind1=" " ind2=" " tag="515"><subfield code="a">Numbering is irregular.</subfield></datafield><datafield ind1=" " ind2=" " tag="530"><subfield code="a">Also available on microfilm from University of California, Library Photographic Service.</subfield></datafield><datafield ind1=" " ind2=" " tag="546"><subfield code="a">In Russian with some English.</subfield></datafield><datafield ind1=" " ind2=" " tag="550"><subfield code="a">Issued by: Russian American Anticommunist Organization, &lt;Apr. 5, 1985&gt;</subfield></datafield><datafield ind1=" " ind2=" " tag="588"><subfield code="a">Description based on: Vol. 21, no. 50 (Dec. 24, 1941).</subfield></datafield><datafield ind1=" " ind2=" " tag="588"><subfield code="a">Latest issue consulted: Vol. 86, no 13985 (Oct. 4, 2008).</subfield></datafield><datafield ind1=" " ind2="0" tag="650"><subfield code="a">Russians</subfield><subfield code="z">United States</subfield><subfield code="v">Newspapers.</subfield></datafield><datafield ind1=" " ind2="0" tag="650"><subfield code="a">Russian Americans</subfield><subfield code="v">Newspapers.</subfield></datafield><datafield ind1=" " ind2="0" tag="651"><subfield code="a">San Francisco (Calif.)</subfield><subfield code="v">Newspapers.</subfield></datafield><datafield ind1=" " ind2="7" tag="650"><subfield code="a">Russian Americans.</subfield><subfield code="2">fast</subfield><subfield code="0">(OCoLC)fst01101969</subfield></datafield><datafield ind1=" " ind2="7" tag="650"><subfield code="a">Russians.</subfield><subfield code="2">fast</subfield><subfield code="0">(OCoLC)fst01102429</subfield></datafield><datafield ind1=" " ind2="7" tag="651"><subfield code="a">California</subfield><subfield code="z">San Francisco.</subfield><subfield code="2">fast</subfield><subfield code="0">(OCoLC)fst01204481</subfield></datafield><datafield ind1=" " ind2="7" tag="651"><subfield code="a">United States.</subfield><subfield code="2">fast</subfield><subfield code="0">(OCoLC)fst01204155</subfield></datafield><datafield ind1=" " ind2="7" tag="655"><subfield code="a">Newspapers.</subfield><subfield code="2">fast</subfield><subfield code="0">(OCoLC)fst01423814</subfield></datafield><datafield ind1="2" ind2=" " tag="710"><subfield code="a">Russian American Anticommunist Organization.</subfield></datafield><datafield ind1=" " ind2=" " tag="752"><subfield code="a">United States</subfield><subfield code="b">California</subfield><subfield code="c">San Francisco</subfield><subfield code="d">San Francisco.</subfield></datafield><datafield ind1="0" ind2="0" tag="780"><subfield code="t">Russkie novosti (San Francisco, Calif. : 1940)</subfield><subfield code="w">(DLC)sn 93062845</subfield><subfield code="w">(OCoLC)27376915</subfield></datafield><datafield ind1="1" ind2=" " tag="029"><subfield code="a">AU@</subfield><subfield code="b">000009916210</subfield></datafield></record>